 @misc{isfortaudimob,
	author = {ISFORT},
	title = {{Osservatorio "Audimob". 16° Rapporto sulla mobilità degli italiani}},
	howpublished = {\url{https://www.isfort.it/}. Accessed: 20/01/2021}
}

@article{ellison2011travel,
	title={Travel time competitiveness of cycling in Sydney, Australia},
	author={Ellison, Richard B and Greaves, Stephen},
	journal={Transportation research record},
	volume={2247},
	number={1},
	pages={99--108},
	year={2011},
	publisher={SAGE Publications Sage CA: Los Angeles, CA}
}

@article{faghih2017hail,
	title={Hail a cab or ride a bike? A travel time comparison of taxi and bicycle-sharing systems in New York City},
	author={Faghih-Imani, Ahmadreza and Anowar, Sabreena and Miller, Eric J and Eluru, Naveen},
	journal={Transportation Research Part A: Policy and Practice},
	volume={101},
	pages={11--21},
	year={2017},
	publisher={Elsevier}
}

@inproceedings{pagani2017knowledge,
	title={Knowledge discovery from car sharing data for traffic flows estimation},
	author={Pagani, Alessio and Bruschi, Francesco and Rana, Vincenzo},
	booktitle={2017 Smart City Symposium Prague (SCSP)},
	pages={1--6},
	year={2017},
	organization={IEEE}
}

@article{chien2003dynamic,
	title={Dynamic travel time prediction with real-time and historic data},
	author={Chien, Steven I-Jy and Kuchipudi, Chandra Mouly},
	journal={Journal of transportation engineering},
	volume={129},
	number={6},
	pages={608--616},
	year={2003},
	publisher={American Society of Civil Engineers}
}