@online{eurostatcars,
	title = "EU Member States with the highest and lowest number of passenger cars per thousand inhabitants",
	author = "Eurostat: statistics explained",
	year = "2018",
	note = "\url{https://ec.europa.eu/eurostat/statistics-explained/index.php?title=Passenger\_cars\_in\_the\_EU}"
}

@online{anfiastudiestatistiche,
	title = "Circolazione e autoveicoli per tipo e alimentazione",
	author = "Anfia studi e statistiche",
	year = "2019",
	note = "\url{https://www.anfia.it/it/automobile-in-cifre/statistiche-italia/parco-circolante}, \url{https://www.anfia.it/data/studi-e-statistiche/dati-statistici/parco-italia/parco%20e%20densit.xls}"
}

@online{euroivstandard,
	title = "Euro IV",
	author = "Wikipedia",
	note = "\url{https://it.wikipedia.org/wiki/Euro_IV}"
}

@online{eunewssanzioneitalia,
	title = "Polveri sottili, la Corte UE condanna l’Italia: “Limiti Pm10 sistematicamente superati”",
	author = "Ezio Baldari",
	year = "2020",	
	note = "\url{https://www.eunews.it/2020/11/10/polveri-sottili-la-corte-ue-condanna-litalia-limiti-pm10-sistematicamente-superati/137363}"
}

@online{sostariffe,
	title = "Rassegna stampa",
	author = "Corriere.it per SOStariffe.it",
	year = "2019",
	note = "\url{https://www.corriere.it/economia/consumi/cards/mantenere-un-auto-ora-costa-piu-1600-euro-all-anno-crescono-spese-assicurazioni/i-rincari-polizze-assicurative.shtml}"
}

@online{tomtomindexmilan,
	title = "Traffic Report: full ranking",
	author = "TomTom",
	year = "2019",
	note = "\url{https://www.tomtom.com/en_gb/traffic-index/ranking/}"
}

@online{anciperrepubblica,
	title = "Le macchine in città girano vuote",
	author = "Raffaele Ricciardi, la Repubblica, per Anci",
	year = "2016",
	note = "\url{https://www.repubblica.it/economia/2016/07/08/news/le_macchine_in_citta_girano_vuote_con_2_passeggeri_si_risparmierebbero_360_milioni-143682470/}"
}

@article{croci2014,
	title = "Optimizing the position of bike sharing stations. The Milan case.",
	author = "Croci et al",
	year = "2014"
}

@article{pagani2017,
	title = "Knowledge Discovery from Car Sharing Data for Traffic Flows Estimation",
	author = "Pagain et al",
	year = "2017"
}

@online{herewegoapi,
	title = "HERE WeGo REST API",
	author = "HERE",
	note = "\url{https://developer.here.com/}"
}

@online{wazeapi,
	title = "Waze API",
	author = "Waze",
	note = "\url{https://developers.google.com/waze}"
}

@online{openstreetmap,
	title = "OSM API",
	author = "OpenStreetMap",
	note = "\url{https://www.openstreetmap.org/}"
}

@online{enjoycarsharing,
	title = "Enjoy Map",
	author = "Enjoy",
	note = "\url{https://enjoy.eni.com/it/milano/map/}"
}



@article{rotaris2010,
	title = "The urban road pricing scheme to curb pollution in Milan, Italy: Description, impacts and preliminary cost–benefit analysis assessment",
	author = "Rotaris et al",
	year = "2010",
	publisher = "ELSEVIER"
}

@article{rotaris2019,
	title = "Carsharing use by college students: The case of Milan and Rome",
	author = "Rotaris et al",
	year = "2019",
	publisher = "ELSEVIER"
}

@article{meinardi2008,
	title = "Influence of the public transportation system on the air quality of a major urban center. A case study: Milan, Italy",
	author = "Meinardi et al",
	year = "2008",
	publisher = "ELSEVIER"
}

@article{dpcm26aprile,
	title = "DPCM 26 aprile 2020",
	author = "Governo Italiano",
	note = "\url{http://www.governo.it/sites/new.governo.it/files/Dpcm_img_20200426.pdf}"
}

