@misc{isfortaudimob,
	author = {ISFORT},
	title = {{Osservatorio "Audimob". 16° Rapporto sulla mobilità degli italiani}},
	howpublished = {\url{https://www.isfort.it/}. Accessed: 20/01/2021}
}

@misc{eurostatcars,
	author = {Eurostat},
	title = {{Energy, transport and environment statistics}},
	howpublished = {\url{https://ec.europa.eu/eurostat}. Accessed: 20/01/2021}
}

@article{collivignarelli2021analysis,
	title={Analysis of lockdown for CoViD-19 impact on NO2 in London, Milan and Paris: What lesson can be learnt?},
	author={Collivignarelli, Maria Cristina and De Rose, Claudio and Abb{\`a}, Alessandro and Baldi, Marco and Bertanza, Giorgio and Pedrazzani, Roberta and Sorlini, Sabrina and Miino, Marco Carnevale},
	journal={Process Safety and Environmental Protection},
	volume={146},
	pages={952--960},
	year={2021},
	publisher={Elsevier}
}

@article{cameletti2020effect,
	title={The Effect of Corona Virus Lockdown on Air Pollution: Evidence from the City of Brescia in Lombardia Region (Italy)},
	author={Cameletti, Michela},
	journal={Atmospheric Environment},
	volume={239},
	pages={117794},
	year={2020},
	publisher={Elsevier}
}

@article{trentini2014lombardy,
	title={Lombardy EPA Obtorto Collo data and anti-pollution policies fallacies},
	author={Trentini, Andrea},
	journal={Journal of e-Learning and Knowledge Society},
	volume={10},
	number={2},
	year={2014},
	publisher={Italian e-Learning Association}
}

@article{ellison2011travel,
	title={Travel time competitiveness of cycling in Sydney, Australia},
	author={Ellison, Richard B and Greaves, Stephen},
	journal={Transportation research record},
	volume={2247},
	number={1},
	pages={99--108},
	year={2011},
	publisher={SAGE Publications Sage CA: Los Angeles, CA}
}

@article{hitge2015comparison,
	title={Comparison of travel time between private car and public transport in Cape Town},
	author={Hitge, Gerhard and Vanderschuren, Marianne},
	journal={Journal of the South African Institution of Civil Engineering},
	volume={57},
	number={3},
	pages={35--43},
	year={2015},
	publisher={South African Institution of Civil Engineering (SAICE)}
}

@article{faghih2017hail,
	title={Hail a cab or ride a bike? A travel time comparison of taxi and bicycle-sharing systems in New York City},
	author={Faghih-Imani, Ahmadreza and Anowar, Sabreena and Miller, Eric J and Eluru, Naveen},
	journal={Transportation Research Part A: Policy and Practice},
	volume={101},
	pages={11--21},
	year={2017},
	publisher={Elsevier}
}

@inproceedings{ester1996density,
	title={A density-based algorithm for discovering clusters in large spatial databases with noise.},
	author={Ester, Martin and Kriegel, Hans-Peter and Sander, J{\"o}rg and Xu, Xiaowei and others},
	booktitle={Kdd},
	volume={96},
	pages={226--231},
	year={1996}
}

@inproceedings{zhou2000combining,
	title={Combining sampling technique with DBSCAN algorithm for clustering large spatial databases},
	author={Zhou, Shuigeng and Zhou, Aoying and Cao, Jing and Wen, Jin and Fan, Ye and Hu, Yunfa},
	booktitle={Pacific-Asia Conference on Knowledge Discovery and Data Mining},
	pages={169--172},
	year={2000},
	organization={Springer}
}

@inproceedings{borah2004improved,
	title={An improved sampling-based DBSCAN for large spatial databases},
	author={Borah, Bhogeswar and Bhattacharyya, Dhruba K},
	booktitle={International conference on intelligent sensing and information processing, 2004. proceedings of},
	pages={92--96},
	year={2004},
	organization={IEEE}
}

@article{croci2014optimizing,
	title={Optimizing the position of bike sharing stations. The Milan case.},
	author={Croci, Edoardo and Rossi, Davide},
	year={2014},
	publisher={CERE Working Paper, 68}
}

@inproceedings{pagani2017knowledge,
	title={Knowledge discovery from car sharing data for traffic flows estimation},
	author={Pagani, Alessio and Bruschi, Francesco and Rana, Vincenzo},
	booktitle={2017 Smart City Symposium Prague (SCSP)},
	pages={1--6},
	year={2017},
	organization={IEEE}
}

@inproceedings{trentini2017sampling,
	title={Sampling car-sharing data to evaluate urban traffic behaviour},
	author={Trentini, Andrea and Losacco, Federico},
	booktitle={International Conference Applied Computing. IADIS},
	pages={295--299},
	year={2017}
}

@article{deeshma2015travel,
	title={Travel time modeling for bus transport system in bangalore city},
	author={Deeshma, M and Verma, Ashish},
	journal={Transportation Letters},
	volume={7},
	number={1},
	pages={47--56},
	year={2015},
	publisher={Taylor \& Francis}
}

@article{chien2003dynamic,
	title={Dynamic travel time prediction with real-time and historic data},
	author={Chien, Steven I-Jy and Kuchipudi, Chandra Mouly},
	journal={Journal of transportation engineering},
	volume={129},
	number={6},
	pages={608--616},
	year={2003},
	publisher={American Society of Civil Engineers}
}

@misc{misuredelgovernopercovid,
	author = {Governo Italiano, Presidenza del Consiglio dei Ministri},
	title = {{Coronavirus, le misure adottate dal Governo}},
	howpublished = {\url{http://www.governo.it/it/coronavirus-misure-del-governo}. Accessed: 20/01/2021}
}
