@studio{tomtomindexmilan,
	author = {TomTom},
	title = {Milan Traffic Report},
	date = {2019},
	url = {https://www.tomtom.com/en_gb/traffic-index/milan-traffic},
}
